@misc{anderson1973method,
  title={Method of and apparatus for baud rate detection},
  author={Anderson, D},
  year={1973},
  month=nov # "~27",
  publisher={Google Patents},
  note={US Patent 3,775,751}
}