@book{silberschatz2014operating,
  title={Operating system concepts essentials},
  author={Silberschatz, Abraham and Galvin, Peter Baer and Gagne, Greg},
  year={2014},
  publisher={John Wiley \& Sons, Inc.}
}
@incollection{hoare1974monitors,
  title={Monitors: An operating system structuring concept},
  author={Hoare, Charles Antony Richard},
  booktitle={The origin of concurrent programming},
  pages={272--294},
  year={1974},
  publisher={Springer}
}
@book{bach1986design,
  title={The design of the UNIX operating system},
  author={Bach, Maurice J and others},
  volume={1},
  year={1986},
  publisher={Prentice-Hall Englewood Cliffs, NJ}
}
@article{love2005linux,
  title={Linux kernel development},
  author={Love, Robert},
  journal={System},
  volume={66},
  number={66},
  pages={69--70},
  year={2005}
}
@article{kukreja2006rui,
  title={RUI: Recording user input from interfaces under Windows and Mac OS X},
  author={Kukreja, Urmila and Stevenson, William E and Ritter, Frank E},
  journal={Behavior Research Methods},
  volume={38},
  number={4},
  pages={656--659},
  year={2006},
  publisher={Springer}
}
@article{mckeown2009software,
  title={Software-defined networking},
  author={McKeown, Nick},
  journal={INFOCOM keynote talk},
  volume={17},
  number={2},
  pages={30--32},
  year={2009}
}
@book{russinovich2005microsoft,
  title={Microsoft Windows Internals: Microsoft Windows Server 2003, Windows XP, and Windows 2000},
  author={Russinovich, Mark E and Solomon, David A and Allchin, Jim},
  volume={4},
  year={2005},
  publisher={Microsoft Press Redmond}
}
@article{van1994treecon,
  title={TREECON for Windows: a software package for the construction and drawing of evolutionary trees for the Microsoft Windows environment},
  author={Van de Peer, Yves and De Wachter, Rupert},
  journal={Bioinformatics},
  volume={10},
  number={5},
  pages={569--570},
  year={1994},
  publisher={Oxford University Press}
}
@article{mckusick1985performance,
  title={Performance Improvements and Functional Enhancements in 4.3 BSD},
  author={McKusick, Marshall K and Karels, Michael J and Leffler, Samuel J},
  year={1985},
  publisher={University of California at Berkeley}
}
@article{higgins1988clustal,
  title={CLUSTAL: a package for performing multiple sequence alignment on a microcomputer},
  author={Higgins, Desmond G and Sharp, Paul M},
  journal={Gene},
  volume={73},
  number={1},
  pages={237--244},
  year={1988},
  publisher={Elsevier}
}
@article{narten2003unix,
  title={Unix operating system},
  author={Narten, Thomas and Burgess, Mark},
  year={2003},
  publisher={John Wiley and Sons Ltd.}
}
@book{bai2004windows,
  title={The Windows serial port programming handbook},
  author={Bai, Ying},
  year={2004},
  publisher={CRC Press}
}
@article{carvey2005tracking,
  title={Tracking USB storage: Analysis of windows artifacts generated by USB storage devices},
  author={Carvey, Harlan and Altheide, Cory},
  journal={Digital Investigation},
  volume={2},
  number={2},
  pages={94--100},
  year={2005},
  publisher={Elsevier}
}
@book{boling2003programming,
  title={Programming microsoft windows ce. net},
  author={Boling, Douglas},
  year={2003},
  publisher={Microsoft Press}
}
@book{owens2010sqlite,
  title={SQLite},
  author={Owens, Mike and Allen, Grant},
  year={2010},
  publisher={Springer}
}
@book{newman2004sqlite,
  title={SQLite (Developer's Library)},
  author={Newman, Chris},
  year={2004},
  publisher={Sams}
}
@book{kreibich2010using,
  title={Using SQLite},
  author={Kreibich, Jay},
  year={2010},
  publisher={" O'Reilly Media, Inc."}
}
@inproceedings{kang2013x,
  title={X-FTL: transactional FTL for SQLite databases},
  author={Kang, Woon-Hak and Lee, Sang-Won and Moon, Bongki and Oh, Gi-Hwan and Min, Changwoo},
  booktitle={Proceedings of the 2013 ACM SIGMOD International Conference on Management of Data},
  pages={97--108},
  year={2013},
  organization={ACM}
}
@article{jeon2012recovery,
  title={A recovery method of deleted record for SQLite database},
  author={Jeon, Sangjun and Bang, Jewan and Byun, Keunduck and Lee, Sangjin},
  journal={Personal and Ubiquitous Computing},
  volume={16},
  number={6},
  pages={707--715},
  year={2012},
  publisher={Springer}
}
@article{lee2012creating,
  title={Creating and using databases for android applications},
  author={Lee, Sunguk},
  journal={International Journal of Database Theory and Application},
  volume={5},
  number={2},
  pages={99--106},
  year={2012}
}
@book{owens2010sqlite,
  title={SQLite},
  author={Owens, Mike and Allen, Grant},
  year={2010},
  publisher={Springer}
}
@article{scherer2000vpython,
  title={VPython: 3D interactive scientific graphics for students},
  author={Scherer, David and Dubois, Paul and Sherwood, Bruce},
  journal={Computing in Science \& Engineering},
  volume={2},
  number={5},
  pages={56--62},
  year={2000},
  publisher={IEEE}
}
@article{sherwood2011vpython,
  title={Vpython--3d programming for ordinary mortals},
  author={Sherwood, BA and Chabay, Ruth},
  journal={Earth},
  volume={1000},
  pages={6e24},
  year={2011}
}
@inproceedings{roberts2004teaching,
  title={Teaching computational science using vpython and virtual reality},
  author={Roberts, Stephen and Gardner, Henry and Press, Shaun and Stals, Linda},
  booktitle={International Conference on Computational Science},
  pages={1218--1225},
  year={2004},
  organization={Springer}
}
@article{marciuc2016using,
  title={USING GEOGEBRA AND VPYTHON SOFTWARE FOR TEACHING MOTION IN A UNIFORM GRAVITATIONAL FIELD},
  author={Marciuc, Daly and Miron, Cristina and Barna, ES},
  journal={Romanian Reports in Physics},
  volume={68},
  number={4},
  pages={1603--1620},
  year={2016},
  publisher={EDITURA ACAD ROMANE CALEA 13 SEPTEMBRIE NR 13, SECTOR 5, BUCURESTI 050711, ROMANIA}
}