@article{fauzi2013perangkat,
  title={PERANGKAT LUNAK VISUALISASI PERJALANAN KERETA API DENGAN MENGGUNAKAN PENDEKATAN SEMAPHORE, DEADLOCK SOLUTION DAN ALGORITMA DIJKSTRA},
  author={Fauzi, Esa},
  year={2013},
  publisher={Universitas Widyatama}
}