@book{silberschatz2014operating,
  title={Operating system concepts essentials},
  author={Silberschatz, Abraham and Galvin, Peter Baer and Gagne, Greg},
  year={2014},
  publisher={John Wiley \& Sons, Inc.}
}