@article{siahaan2015penyelarasan,
  title={Penyelarasan Pada Masalah Dining Philosophers Menggunakan Algoritma Lock \& Release},
  author={Siahaan, Andysah Putera Utama},
  journal={TECHSI-Jurnal Teknik Informatika},
  volume={7},
  number={1},
  year={2015}
}