@inproceedings{steiner2009firmata,
  title={Firmata: Towards Making Microcontrollers Act Like Extensions of the Computer.},
  author={Steiner, Hans-Christoph},
  booktitle={NIME},
  pages={125--130},
  year={2009}
}