@misc{sofwan2003belajar,
  title={Belajar Mysql dengan Phpmyadmin},
  author={Sofwan, Akhmad},
  year={2003},
  publisher={Ilmu Komputer. com, Copyright}
}
