@inproceedings{steiner2009firmata,
  title={Firmata: Towards Making Microcontrollers Act Like Extensions of the Computer.},
  author={Steiner, Hans-Christoph},
  booktitle={NIME},
  pages={125--130},
  year={2009}
}
@article{majocchi2012arduino,
  title={Arduino Uno},
  author={Majocchi, Simone},
  journal={Programmazione avanzata e libreria di sistema. Vispa, Gallarate (VA)},
  year={2012}
}