@article{apriyanto2009sistem,
  title={Sistem Operasi},
  author={APRIYANTO, BUDI},
  year={2009}
}