@misc{feautrierpip,
  title={PIP/PipLib},
  author={Feautrier, Paul and Collard, Jean-Fran{\c{c}}ois and Bastoul, C{\'e}dric}
}
@misc{nation2011qutip,
  title={Qutip: Quantum toolbox in python},
  author={Nation, Paul D and Johansson, JR},
  year={2011}
}
@article{jewett2016moltemplate,
  title={Moltemplate manual},
  author={Jewett, Andrew},
  journal={Jensen Lab (Caltech), Shea Lab (UCSB): Jensen Lab (Caltech), Shea Lab (UCSB)},
  year={2016}
}