@article{wulf1974hydra,
  title={Hydra: The kernel of a multiprocessor operating system},
  author={Wulf, William and Cohen, Ellis and Corwin, William and Jones, Anita and Levin, Roy and Pierson, Charles and Pollack, Fred},
  journal={Communications of the ACM},
  volume={17},
  number={6},
  pages={337--345},
  year={1974},
  publisher={ACM}
}

@article{lauesen1975large,
  title={A large semaphore based operating system},
  author={Lauesen, S{\o}ren},
  journal={Communications of the ACM},
  volume={18},
  number={7},
  pages={377--389},
  year={1975},
  publisher={ACM}
}