@article{koehler2018interactive,
  title={Interactive Classrooms with Jupyter and Python},
  author={Koehler, Jacob Frias and Kim, Soomi},
  journal={Mathematics Teacher},
  volume={111},
  number={4},
  pages={304--308},
  year={2018},
  publisher={JSTOR}
}


@article{contrerasfree,
  title={Free and Open Source Software in Archaeological Research Processes: an Application to the Study of African Red Slip Ware in Northern Italy},
  author={Contreras, F and Farjas, M and Melero, FJ}
}