
@inproceedings{emanuel2013perbandingan,
  title={Perbandingan Kinerja Data Manipulation Language MongoDB dan SQL Server},
  author={Emanuel, A d and Sentosa, Jimmy},
  booktitle={Prosiding of Seminar Nasional Ilmu},
  year={2013}
}



@article{tunardi2014nosql,
  title={Nosql Technology In Android Based Mobile Chat Application Using Mongodb},
  author={Tunardi, Yovita and Layona, Rita},
  journal={ComTech: Computer, Mathematics and Engineering Applications},
  volume={5},
  number={2},
  pages={553--565},
  year={2014}
}



@article{ahsana2016pertukaran,
  title={Pertukaran Data Antara Rstudio Dan Mongodb Pada Sistem Informasi Geografis Untuk Kasus Pertanian Indonesia},
  author={Ahsana, Lalitya Noor},
  year={2016},
  publisher={Bogor Agricultural University (IPB)}
}