@misc{luu1982apparatus,
  title={Apparatus and method for semaphore initialization in a multiprocessing computer system for process synchronization},
  author={Luu, Duc and Bradley, John J and Franklin, Benjamin S and others},
  year={1982},
  month=feb # "~16",
  publisher={Google Patents},
  note={US Patent 4,316,245}
}

@article{lauesen1975large,
  title={A large semaphore based operating system},
  author={Lauesen, S{\o}ren},
  journal={Communications of the ACM},
  volume={18},
  number={7},
  pages={377--389},
  year={1975},
  publisher={ACM}
}

@incollection{hoare1974monitors,
  title={Monitors: An operating system structuring concept},
  author={Hoare, Charles Antony Richard},
  booktitle={The origin of concurrent programming},
  pages={272--294},
  year={1974},
  publisher={Springer}
}