@book{momjian2001postgresql,
  title={PostgreSQL: introduction and concepts},
  author={Momjian, Bruce},
  volume={192},
  year={2001},
  publisher={Addison-Wesley New York}
}