@article{nurjanahhack,
  title={Hack Database Website Menggunakan Python dan Sqlmap Pada Windows},
  author={Nurjanah, Tanti Siti and Insanudin, Entik}
}
@article{rossum1995python,
  title={Python tutorial},
  author={Rossum, Guido},
  year={1995},
  publisher={CWI (Centre for Mathematics and Computer Science)}
}
@book{chun2001core,
  title={Core python programming},
  author={Chun, Wesley},
  volume={1},
  year={2001},
  publisher={Prentice Hall Professional}
}