@article{tawarmateri,
  title={Materi Manajemen Memori},
  author={Tawar, M}
}

