@inproceedings{awangga2017colenak,
  title={Colenak: GPS tracking model for post-stroke rehabilitation program using AES-CBC URL encryption and QR-Code},
  author={Awangga, Rolly Maulana and Fathonah, Nuraini Siti and Hasanudin, Trisna Irmayadi},
  booktitle={Information Technology, Information Systems and Electrical Engineering (ICITISEE), 2017 2nd International conferences on},
  pages={255--260},
  year={2017},
  organization={IEEE}
}
@misc{cepulis1992computer,
  title={Computer memory management method utilizing segmentation and protection techniques},
  author={Cepulis, Darren J},
  year={1992},
  month=sep # "~1",
  publisher={Google Patents},
  note={US Patent 5,144,551}
}