@misc{cepulis1992computer,
  title={Computer memory management method utilizing segmentation and protection techniques},
  author={Cepulis, Darren J},
  year={1992},
  month=sep # "~1",
  publisher={Google Patents},
  note={US Patent 5,144,551}
}