@inproceedings{fasnacht2008serial,
  title={A serial communication infrastructure for multi-chip address event systems},
  author={Fasnacht, Daniel B and Whatley, Adrian M and Indiveri, Giacomo},
  booktitle={Circuits and Systems, 2008. ISCAS 2008. IEEE International Symposium on},
  pages={648--651},
  year={2008},
  organization={IEEE}
}
@article{barabanov1997linux,
  title={A linux-based real-time operating system},
  author={Barabanov, Michael},
  year={1997},
  publisher={New Mexico Institute of Mining and Technology Socorro, New Mexico}
}