@misc{james1999method,
  title={Method and system for avoiding starvation and deadlocks in a split-response interconnect of a computer system},
  author={James, David V and North, Donald N and Stone, Glen D},
  year={1999},
  month=oct # "~5",
  publisher={Google Patents},
  note={US Patent 5,961,623}
}