@misc{earnshaw1991semaphore,
  title={Semaphore memory to reduce common bus contention to global memory with localized semaphores in a multiprocessor system},
  author={Earnshaw, William E and McKinney, Steven J},
  year={1991},
  month=sep # "~17",
  publisher={Google Patents},
  note={US Patent 5,050,072}
}