@inproceedings{kulyukin2004rfid,
  title={RFID in robot-assisted indoor navigation for the visually impaired},
  author={Kulyukin, Vladimir and Gharpure, Chaitanya and Nicholson, John and Pavithran, Sachin},
  booktitle={Intelligent Robots and Systems, 2004.(IROS 2004). Proceedings. 2004 IEEE/RSJ International Conference on},
  volume={2},
  pages={1979--1984},
  year={2004},
  organization={IEEE}
}

@inproceedings{turang2015pengembangan,
  title={Pengembangan Sistem Relay Pengendalian Dan Penghematan Pemakaian Lampu Berbasis Mobile.},
  author={Turang, Daniel Alexander Octavianus},
  booktitle={Seminar Nasional Informatika (SEMNASIF)},
  volume={1},
  number={1},
  year={2015}
}